2418 4082
253 283 335 388 698
387 357 391 366 ,
421 288 576 354 ennon.
606 295 788 364 suiinoi.
821 297 907 370 cui,
933 299 999 356 xv

252 436 386 519 tificias
406 428 645 528 traditiones,
675 443 807 534 utpote
835 448 951 529 quae,
984 447 1161 530 uenirent

252 539 354 630 iisae,
374 533 458 616 sunt
478 529 684 626 ἐντάλματα
704 525 903 624 ἀνθρώπων,
924 531 1100 611 arandara
1113 531 1164 608 sii·

193 677 196 689 =
239 642 410 722 aninum,
443 657 485 712 iic
516 633 676 735 proinde
705 631 992 728 haudquaquam
1023 633 1163 714 cultura

253 736 515 825 necessarium,
557 734 628 814 scd¹
656 733 1164 832 damnabrieineoiiuiruiiu

253 841 545 944 ruriam-ua.
577 835 662 914 iud.
680 841 770 938 aig.
788 833 996 936 cufi-ir,-
1023 839 1165 938 Apim

254 955 335 1032 2065
363 941 700 1036 FornuConcpmpi.

307 1049 407 1151 Curti
430 1043 469 1119 in
497 1045 582 1140 Aug.
610 1039 705 1140 Caris.
727 1037 880 1118 articulo
903 1039 990 1114 Vde
1011 1039 1166 1137 christini

254 1147 416 1244 initiatis,
433 1167 475 1222 ea
489 1135 682 1241 speciatim
697 1137 867 1220 eccicfiae
886 1145 1086 1222 Romanae
1104 1167 1167 1222 uo·

254 1265 353 1328 tetur
368 1245 540 1344 traditio,
566 1244 724 1343 quaeest
738 1242 1012 1342 dedisriimiua,
1035 1245 1169 1323 feuda.

254 1352 344 1432 uua
359 1350 524 1434 ciborum,
540 1347 586 1426 ad
607 1350 781 1436 rationeS,
796 1342 932 1445 quibui
949 1344 1051 1424 istud
1069 1347 1170 1424 cibo

112 1525 118 1536 .
156 1477 159 1487 '
255 1477 346 1550 tuni,
364 1445 566 1533 discrimen
587 1449 838 1554 improbatur,
862 1447 1037 1526 nonnihil
1060 1473 1082 1528 a
1104 1473 1171 1528 oo·

255 1555 315 1636 bis
331 1553 383 1634 est
399 1551 630 1632 addendum.
680 1557 760 1631 Nec
774 1553 877 1629 enini
894 1555 1049 1638 omnia,
1077 1571 1168 1654 mue

256 1659 307 1738 de
322 1657 455 1736 ieiunii
473 1647 653 1756 religiosi,
665 1743 668 1762 Ι
680 1658 719 1733 in
736 1647 882 1733 ecelesia
899 1656 1072 1732 Romana
1084 1679 1170 1734 con·

255 1759 394 1859 stituti,
416 1759 581 1860 origiue,
602 1776 794 1858 ternpore,
815 1749 920 1834 causa
938 1753 1064 1855 iinasi,
1082 1757 1170 1834 aiio:

256 1887 332 1962 quo
355 1860 403 1942 ad
426 1858 467 1938 id
488 1855 734 1961 mediantibus
760 1857 890 1958 rebus,
924 1857 1168 1960 disputantur,

254 1959 491 2068 expendere,
513 1985 555 2042 ao
571 1979 688 2040 corani
706 1961 822 2059 adeo,
845 1983 941 2062 quae
958 1961 1008 2038 de
1025 1965 1168 2040 ieiunio

254 2069 354 2150 inter
379 2086 454 2144 nos
470 2077 507 2143 e't
521 2065 744 2168 'pontificios
765 2063 836 2161 cst,
873 2059 1169 2144 controuersiam

35 2222 43 2246 r
161 2211 163 2214 ·
255 2163 497 2358 pertradare,
536 2167 649 2244 huius
674 2166 725 2245 est
752 2165 836 2244 ioci
902 2169 960 2244 Eir
985 2167 1171 2262 instituto,

270 2304 282 2356 i

192 2316 194 2325 ν
285 2271 501 2374 ugularique
522 2267 671 2367 siradio,
709 2291 798 2348 cuni
822 2289 947 2344 verani
975 2291 1097 2370 acque
1118 2293 1173 2348 or·

162 2430 164 2439 ·
255 2377 489 2470 diodorum,
509 2389 590 2448 tuni
607 2367 729 2450 salsam
746 2367 1040 2474 pontificiorum
1060 2375 1112 2450 de
1129 2376 1175 2448 ie-

256 2482 368 2560 iunio
391 2471 599 2554 doctrinam
624 2474 815 2580 exposuit,
847 2471 1022 2568 hancque
1041 2473 1175 2554 consu

256 2588 351 2665 cauit
376 2601 683 2674 cuuuuirivs,
707 2599 818 2653 exam.
842 2576 940 2653 cine.
961 2575 1058 2652 Trid
1076 2597 1176 2676 pum

256 2687 341 2772 Isis,
364 2682 423 2758 Iac.
439 2707 475 2774 4,
487 2699 523 2778 p.
539 2678 692 2780 ii3,.sqq.
713 2701 716 2708 ·
744 2674 844 2754 Add.
870 2701 963 2752 iou.
984 2699 1173 2756 uariari

256 2786 301 2866 de
316 2780 458 2860 ieiuniis
473 2802 508 2855 ei
529 2777 796 2880 quaiirugefima
816 2773 930 2868 liber,
960 2782 1097 2859 editus
1114 2785 1176 2860 Di-

257 2887 437 2980 uentriae,
457 2903 486 2959 a.
501 2882 726 2961 MDCLsils.
817 2879 955 2958 uaesiio
979 2887 1175 2986 praecipui
1199 2921 1201 2974 ,

257 2988 311 3070 est
326 2987 374 3066 de
391 2981 541 3064 formati
559 2985 694 3060 ieiunii
712 3001 820 3084 ponti
852 2985 902 3060 cii
924 2987 1094 3064 ratione.
1145 2977 1178 3060 id

208 3142 212 3148 .
256 3093 442 3174 nimirum
466 3109 564 3170 non,
597 3083 960 3192 quemadmodum
984 3109 1181 3166 veroniae-

257 3197 409 3276 iunium
435 3189 474 3267 in
505 3185 611 3268 sacris
639 3185 768 3266 litteris
791 3204 829 3264 er
852 3189 983 3290 priscis
1010 3185 1183 3270 ecciesiae

258 3289 509 3378 monimentis
539 3285 775 3392 describitur,
812 3291 852 3366 in
886 3289 1120 3377 abstinentia
1147 3289 1185 3366 ab

258 3400 370 3482 ouini
395 3390 485 3474 cibo
502 3407 540 3468 et
553 3411 667 3493 potu,
694 3387 813 3470 sedin
831 3389 1060 3495 abstinentia
1075 3421 1099 3474 a
1116 3417 1176 3474 cer

257 3519 390 3582 torum
405 3493 595 3596 ciborum,
611 3497 780 3578 carnium
796 3494 992 3602 uidelicet,
1004 3523 1144 3581 ouoru

1094 3593 1176 3680 bdi
