2472 4082
262 229 340 357 gap
435 263 809 334 innotatum.
847 271 936 325 cti.
973 271 1023 328 vt

263 406 311 490 ad
322 396 527 484 formalem
545 396 816 480 exinanitionis
832 397 973 480 Christi
996 401 1190 485 rationem
1222 455 1224 466 ι

243 497 425 616 -pertinet
449 521 531 580 tum
561 496 889 601 imbecillitatum,
923 520 963 582 ct
987 503 1189 582 infirmita·

145 619 148 626 ’
262 631 348 692 turn
365 605 616 686 humanarum
632 607 830 696 omnium,
857 605 941 690 titii
968 612 1188 708 peccatique

264 714 502 816 expertium,
528 705 731 807 litl'cepti03
749 724 842 787 ,tuin
862 703 1008 786 formae
1025 701 1187 806 ferrulis,

156 867 160 876 ·
260 817 344 900 hoc
362 805 625 910 cll,huinilis,
640 809 783 898 tenuis,
806 805 983 894 abiectae,
1011 827 1188 888 contem-

264 933 399 1020 taeque
433 909 607 986 assumtio
639 903 886 982 conditionis.
966 909 1203 988 Exinanitio.

225 1071 228 1079 ι
263 1018 380 1110 haec,
408 1013 469 1090 cui
487 1011 662 1088 seruator
678 1009 847 1104 optimus
864 1029 953 1086 eum
969 1007 1009 1085 in
1017 1009 1128 1108 finam
1146 1011 1186 1089 se

264 1116 444 1208 subiecit,
471 1126 512 1186 vt
535 1109 673 1209 :aptum
691 1107 971 1209 Acimincum,
1000 1134 1042 1190 ac
1063 1117 1186 1194 totius

291 1220 414 1300 eneris
436 1209 593 1294 humani
614 1211 782 1309 expiaret
803 1231 972 1317 peccata,
1009 1229 1047 1290 et
1061 1211 1185 1316 perse.

186 1389 191 1392 .
259 1401 263 1413 ,
304 1325 414 1417 antei
430 1309 596 1410 afferret,
626 1319 840 1414 meritoque
856 1315 1184 1418 liiopareretlalu·

261 1441 357 1516 tem,
365 1445 456 1521 non,
466 1437 505 1498 vt
514 1412 579 1528 sibi
596 1407 661 1519 ipli
668 1417 873 1520 quidquam
890 1435 1184 1524 promereretur,

264 1527 414 1612 ordinis
431 1522 593 1624 quidem,
612 1523 772 1612 tatione,
800 1517 983 1624 posterior
999 1519 1051 1600 est
1067 1525 1183 1602 incat-

260 1635 432 1728 natione,
446 1625 600 1706 initium
617 1640 743 1704 tamen
757 1625 798 1702 in
814 1625 939 1726 primo
953 1623 1072 1704 llatim
1090 1649 1184 1704 con-

264 1735 453 1840 ceptionis
479 1720 602 1808 lumfit
625 1743 845 1826 momento,
867 1744 904 1804 et
921 1729 959 1806 iu
976 1745 1098 1806 morte
1111 1729 1181 1806 de-

258 1861 379 1920 mum
391 1853 500 1934 atque
515 1823 699 1928 sepultura
713 1825 816 1910 nulla
834 1829 885 1910 ett
899 1826 1038 1920 finemr
1071 1832 1120 1908 ita
1137 1845 1181 1910 vt

258 1931 815 2025 ssatus·exinanitionis-(inusti
833 1933 969 2022 omne,
986 1934 1090 2116 ‹puod
1104 1929 1180 2010 ale·
1213 2029 1215 2037 ‚

262 2067 348 2122 rum
369 2037 487 2116 carnis
512 2039 595 2114 eius
620 2037 777 2115 nomine
798 2031 967 2140 appellari
1008 2035 1102 2136 olet,
1129 2027 1182 2114 ad

96 2204 99 2212 ,
175 2143 183 2164 ¹
265 2141 565 2226 vivificationem
582 2137 695 2238 vlipue
709 2139 748 2218 in
762 2133 945 2240 sepulcro,
956 2136 1182 2245 completiu-

263 2265 325 2328 tut
340 2263 509 2348 tempus,
528 2261 566 2322 et
580 2238 627 2322 ad
640 2237 747 2320 illum
762 2245 977 2344 conceptio,
994 2245 1183 2342 natiuitas,

261 2337 523 2438 circumcisio,
536 2343 731 2444 educatio,
747 2361 823 2423 tota
840 2349 958 2445 vitae,
971 2349 1012 2421 in
1025 2339 1087 2424 his
1106 2363 1183 2424 ter-

248 2455 315 2536 'tis
333 2448 453 2550 auae,
479 2453 595 2546 ratio,
617 2471 706 2526 cum
726 2455 888 2528 maxime
906 2467 1053 2536 autem,
1082 2471 1183 2548 quae

260 2560 455 2640 llrmmum
484 2553 750 2630 exinanitionis
782 2549 921 2630 Christi
946 2545 1183 2630 constituunt

261 2655 443 2764 gradum,
469 2671 635 2732 extrema
655 2647 766 2754 ipsius
787 2651 922 2759 paiste,
948 2673 1053 2734 mors
1067 2669 1182 2758 atque

256 2757 459 2890 t'epultura,
473 2751 758 2839 stutreferenda.

573 2902 873 3051 Confirmatio.

260 3063 365 3248 Ad
381 3062 689 3170 confirmandum
702 3091 763 3170 ea,
778 3087 873 3169 quae
889 3059 937 3143 de
953 3061 1183 3144 exinanitio·

363 3193 410 3254 ne
432 3169 568 3252 Christi
598 3169 755 3254 anobis
788 3167 869 3249 t'ulrt
892 3161 1077 3272 exposita,
1120 3161 1183 3248 vet

259 3301 382 3358 vnunt
401 3267 532 3356 sufficit
547 3271 693 3356 dictum
711 3269 914 3373 claffict'un,
932 3269 1021 3348 l'lril.
1039 3273 1076 3344 t!
1093 3291 1124 3358 i,
1142 3287 1182 3348 et

247 3381 353 3486 seqq·
385 3379 526 3483 quippe
551 3399 630 3478 quo
652 3379 816 3458 uniuena
840 3375 890 3456 de
916 3375 1180 3452 exinanitione

255 3489 411 3586 puicu,
434 3499 546 3584 atque
564 3479 787 3562 exaltatione
802 3475 941 3560 cnnttt
955 3477 1179 3657 congnepup

633 3607 638 3616 ·
1064 3588 1112 3658 ot
1131 3600 1183 3656 rt·

701 3759 707 3794 l

1219 3745 1222 3902 l
